@misc{introduction,
  title = {A Quick Introduction to Neural Networks},
  howpublished = {\url{https://ujjwalkarn.me/2016/08/09/quick-intro-neural-networks/}},
  note = {Published: 08-09-2016}
}
@misc{Sigmoid,
  title = {Understanding Activation Functions in Neural Networks},
  howpublished = {\url{https://medium.com/the-theory-of-everything/understanding-activation-functions-in-neural-networks-9491262884e0}},
  note = {Published: 03-30-2017}
},
@misc{rndWeight,
  title = {Why should weights of Neural Networks be initialized to random numbers?},
  howpublished = {\url{https://stackoverflow.com/questions/20027598/why-should-weights-of-neural-networks-be-initialized-to-random-numbers}},
  note = {Published: 12-30-2017}
}
@misc{gradient_descent,
  title = {Understanding Gradient Descent},
  howpublished = {\url{https://eli.thegreenplace.net/2016/understanding-gradient-descent/}},
  note = {Published: 08-05-2016}
}
@misc{feedforward,
  title = {Deep Learning: Feedforward Neural Network},
  howpublished = {\url{https://towardsdatascience.com/deep-learning-feedforward-neural-network-26a6705dbdc7/}},
  note = {Published: 01-05-2017}
}
@misc{srccode,
  title = {Codigo Fuente},
  howpublished = {\url{https://github.com/Jose-R-Rodriguez/NeuralNetworkImplementation/}},
  note = {Published: 06-28-2018}
}
